@book{MeyerLocalAnalyticCyclicHomology,
 author = {Meyer, Ralf},
 title = {Local and analytic cyclic homology},
 fseries = {EMS Tracts in Mathematics},
 series = {EMS Tracts Math.},
 volume = {3},
 isbn = {978-3-03719-039-5},
 year = {2007},
 publisher = {Z{\"u}rich: European Mathematical Society (EMS)},
 language = {English},
 doi = {10.4171/039},
 keywords = {46-02,46L80,19D55,46M20,19K35},
 zbMATH = {5176991},
 Zbl = {1134.46001}
}

@article{HausgengInftyOperads,
    AUTHOR = {Gepner, David and Haugseng, Rune and Kock, Joachim},
     TITLE = {{$\infty$}-operads as analytic monads},
   JOURNAL = {Int. Math. Res. Not. IMRN},
  FJOURNAL = {International Mathematics Research Notices. IMRN},
      YEAR = {2022},
    NUMBER = {16},
     PAGES = {12516--12624},
      ISSN = {1073-7928,1687-0247},
   MRCLASS = {18N70},
  MRNUMBER = {4466007},
       DOI = {10.1093/imrn/rnaa332},
       URL = {https://doi.org/10.1093/imrn/rnaa332},
}

@article {HausgengLax,
    AUTHOR = {Haugseng, Rune and Hebestreit, Fabian and Linskens, Sil and
              Nuiten, Joost},
     TITLE = {Lax monoidal adjunctions, two-variable fibrations and the
              calculus of mates},
   JOURNAL = {Proc. Lond. Math. Soc. (3)},
  FJOURNAL = {Proceedings of the London Mathematical Society. Third Series},
    VOLUME = {127},
      YEAR = {2023},
    NUMBER = {4},
     PAGES = {889--957},
      ISSN = {0024-6115,1460-244X},
   MRCLASS = {18N60 (18N65 18N70)},
  MRNUMBER = {4655344},
MRREVIEWER = {Thibault\ D.\ D\'ecoppet},
       DOI = {10.1112/plms.12548},
       URL = {https://doi.org/10.1112/plms.12548},
}

@article{ben-bassat_non-archimedean_2017,
	title = {Non-{Archimedean} analytic geometry as relative algebraic geometry},
	volume = {26},
	issn = {0240-2963,2258-7519},
	url = {https://doi.org/10.5802/afst.1526},
	doi = {10.5802/afst.1526},
	number = {1},
	journal = {Annales de la Faculté des Sciences de Toulouse. Mathématiques. Série 6},
	author = {Ben-Bassat, Oren and Kremnizer, Kobi},
	year = {2017},
	mrnumber = {3626003},
	pages = {49--126},
}

@article{MathewGalois,
    AUTHOR = {Mathew, Akhil},
     TITLE = {The {G}alois group of a stable homotopy theory},
   JOURNAL = {Adv. Math.},
  FJOURNAL = {Advances in Mathematics},
    VOLUME = {291},
      YEAR = {2016},
     PAGES = {403--541},
      ISSN = {0001-8708,1090-2082},
   MRCLASS = {14F35 (11F11 11S20 14F20 18D10 18G55 55P43 55U35)},
  MRNUMBER = {3459022},
MRREVIEWER = {Rui\ Miguel\ Saramago},
       DOI = {10.1016/j.aim.2015.12.017},
       URL = {https://doi.org/10.1016/j.aim.2015.12.017},
}

@misc{bode_auslander_2025,
	title = {Auslander regularity of $p$-adic {Banach} algebras via almost mathematics},
	url = {http://arxiv.org/abs/2502.01119},
	doi = {10.48550/arXiv.2502.01119},
	urldate = {2025-03-24},
	publisher = {arXiv},
	author = {Bode, Andreas},
	month = feb,
	year = {2025},
	note = {arXiv:2502.01119 [math]},
	keywords = {Mathematics - Number Theory, Mathematics - Representation Theory, Mathematics - Rings and Algebras},
}

@Article{BenMosheYoneda,
 Author = {Ben-Moshe, Shay},
 Title = {Naturality of the {{\(\infty\)}}-categorical enriched {Yoneda} embedding},
 FJournal = {Journal of Pure and Applied Algebra},
 Journal = {J. Pure Appl. Algebra},
 ISSN = {0022-4049},
 Volume = {228},
 Number = {6},
 Pages = {25},
 Note = {Id/No 107625},
 Year = {2024},
 Language = {English},
 DOI = {10.1016/j.jpaa.2024.107625},
 Keywords = {18D20,18N70,18N60,18M05,18D25},
 zbMATH = {7808766},
 Zbl = {1537.18005}
}

@Article{HeineEquivalence,
 Author = {Heine, Hadrian},
 Title = {An equivalence between enriched {{\(\infty \)}}-categories and {{\(\infty \)}}-categories with weak action},
 FJournal = {Advances in Mathematics},
 Journal = {Adv. Math.},
 ISSN = {0001-8708},
 Volume = {417},
 Pages = {140},
 Note = {Id/No 108941},
 Year = {2023},
 Language = {English},
 DOI = {10.1016/j.aim.2023.108941},
 Keywords = {18N60,18N70},
 zbMATH = {7662142},
 Zbl = {1519.18016}
}

@misc{stacks-project,
    shorthand    = {Stacks},
    author       = {The {Stacks Project Authors}},
    title        = {\textit{Stacks Project}},
    howpublished = {\url{https://stacks.math.columbia.edu}},
    year         = {2018},
  }

@Article{BenZviIntegral,
 Author = {Ben-Zvi, David and Francis, John and Nadler, David},
 Title = {Integral transforms and {Drinfeld} centers in derived algebraic geometry},
 FJournal = {Journal of the American Mathematical Society},
 Journal = {J. Am. Math. Soc.},
 ISSN = {0894-0347},
 Volume = {23},
 Number = {4},
 Pages = {909--966},
 Year = {2010},
 Language = {English},
 DOI = {10.1090/S0894-0347-10-00669-7},
 Keywords = {14F05,18E30,14A20},
 zbMATH = {5797887},
 Zbl = {1202.14015}
}

@misc{heyer_6-functor_2024,
	title = {6-{Functor} {Formalisms} and {Smooth} {Representations}},
	url = {http://arxiv.org/abs/2410.13038},
	doi = {10.48550/arXiv.2410.13038},
	urldate = {2025-01-21},
	publisher = {arXiv},
	author = {Heyer, Claudius and Mann, Lucas},
	month = oct,
	year = {2024},
	note = {arXiv:2410.13038 [math]},
	keywords = {Mathematics - Category Theory, Mathematics - Number Theory, Mathematics - Representation Theory},
}

@Book{GaitsgoryStudy1,
 Author = {Gaitsgory, Dennis and Rozenblyum, Nick},
 Title = {A study in derived algebraic geometry. {Volume} {I}: {Correspondences} and duality},
 FSeries = {Mathematical Surveys and Monographs},
 Series = {Math. Surv. Monogr.},
 ISSN = {0076-5376},
 Volume = {221},
 ISBN = {978-1-4704-3569-1; 978-1-4704-3568-4; 978-1-4704-4085-5},
 Year = {2017},
 Publisher = {Providence, RI: American Mathematical Society (AMS)},
 Language = {English},
 Keywords = {14-02,14A20,14F05,18D05,18G55},
 zbMATH = {6780490},
 Zbl = {1408.14001}
}

@misc{soor_six-functor_2024,
	title = {A six-functor formalism for quasi-coherent sheaves and crystals on rigid-analytic varieties},
	url = {http://arxiv.org/abs/2409.07592},
	doi = {10.48550/arXiv.2409.07592},
	abstract = {We develop a theory of derived rigid spaces and quasi-coherent sheaves and analytic crystals on them. Amongst other things, we obtain a six-functor formalism for these quasi-coherent sheaves and analytic crystals. We provide evidence that the category of analytic crystals is related to the theory of D-cap-modules introduced by Ardakov--Wadsley.},
	urldate = {2025-01-06},
	publisher = {arXiv},
	author = {Soor, Arun},
	month = sep,
	year = {2024},
	note = {arXiv:2409.07592 [math]},
	keywords = {Mathematics - Algebraic Geometry, Mathematics - Number Theory},
}

@inproceedings{deligne_les_1973,
	address = {Berlin, Heidelberg},
	title = {Les {Schémas} de {Modules} de {Courbes} {Elliptiques}},
	isbn = {978-3-540-37855-6},
	abstract = {Soit X le demi-plan de Poincaré \$\$X = {\textbackslash}backslash\{ z {\textbackslash}backslashin {\textbackslash}backslashmathbb\{C\}{\textbar}Im(z) {\textgreater} 0{\textbackslash}backslash\} .\$\$Le groupe SL(2, ℝ) agit sur X par transformations homographiques \$\$z {\textbackslash}backslashmapsto {\textbackslash}backslashfrac\{\{az + b\}\}\{\{cz + d\}\}.\$\$Si Γ est un sous-groupe de SL(2, ℤ,) défini par des conditions de congruence, la surface de Riemann X/Γ est le complément d'un ensemble fini de points («à l'infini») dans une surface de Riemann compacte. C'est donc une courbe algébrique. Ses points sont en correspondance bijective avec les classes d'isomorphic de courbes elliptiques munies d'une «structure de niveau» d'espèce convenable. On sait qu'il résulte de cette interprétation qu'elle admet pour corps de définition un sous-corps d'un corps cyclotomique. Dans cet article, nous étudions la structure à l'infini et la réduction modulo p de X/Γ.},
	booktitle = {Modular {Functions} of {One} {Variable} {II}},
	publisher = {Springer Berlin Heidelberg},
	author = {Deligne, P. and Rapoport, M.},
	editor = {Deligne, Pierre and Kuijk, Willem},
	year = {1973},
	pages = {143--316},
}

@book{katz_arithmetic_1985,
	address = {Princeton},
	series = {Annals of mathematics studies ; no. 108},
	title = {Arithmetic moduli of elliptic curves},
	isbn = {978-0-691-08349-0},
	language = {eng},
	publisher = {Princeton University Press},
	author = {Katz, Nicholas M. and Mazur, Barry},
	year = {1985},
	lccn = {LC},
	keywords = {Algebraic, Curves, Elliptic, Geometry, Moduli theory},
}

@unpublished{SteinLecture,
    author = {Stein, William A.},
    title = {Hecke operators as correspondences},
    note = {Available at \url{https://wstein.org/edu/Fall2003/252/lectures/11-19-03/11-19-03.pdf}},
}
@incollection {ConradAppendix,
    AUTHOR = {Ribet, Kenneth A. and Stein, William A.},
     TITLE = {Lectures on {S}erre's conjectures},
 BOOKTITLE = {Arithmetic algebraic geometry ({P}ark {C}ity, {UT}, 1999)},
    SERIES = {IAS/Park City Math. Ser.},
    VOLUME = {9},
     PAGES = {143--232},
 PUBLISHER = {Amer. Math. Soc., Providence, RI},
      YEAR = {2001},
      ISBN = {0-8218-2173-3},
}
@misc{zavyalov_poincare_2023,
	title = {Poincar\'{e} {Duality} in abstract 6-functor formalisms},
	url = {http://arxiv.org/abs/2301.03821},
	doi = {10.48550/arXiv.2301.03821},
	urldate = {2024-01-16},
	publisher = {arXiv},
	author = {Zavyalov, Bogdan},
	month = oct,
	year = {2023},
	note = {arXiv:2301.03821 [math]},
	keywords = {Mathematics - Algebraic Geometry},
}

@book{grothendieck_elements_1971,
	series = {Grundlehren {Math}. {Wiss}.},
	title = {Éléments de géométrie algébrique. {I}},
	volume = {166},
        shorthand = {ÉGA I},
	isbn = {3-540-05113-9},
	language = {English},
	publisher = {Springer, Cham},
	author = {Grothendieck, Alexander and Dieudonné, Jean A.},
	year = {1971},
	note = {ISSN: 0072-7830},
	keywords = {14-02, 14Axx},
}

@article{kiehl_rham_1967,
	title = {Die de {Rham} {Kohomologie} algebraischer {Mannigfaltigkeiten} über einem bewerteten {Körper}},
	volume = {33},
	issn = {0073-8301},
	doi = {10.1007/BF02684584},
	language = {German},
	journal = {Publications Mathématiques},
	author = {Kiehl, Reinhardt},
	year = {1967},
	pages = {5--20},
}

@article{ardakov_bounded_2018,
	title = {Bounded linear endomorphisms of rigid analytic functions},
	volume = {117},
	issn = {0024-6115},
	doi = {10.1112/plms.12142},
	language = {English},
	number = {5},
	journal = {Proceedings of the London Mathematical Society. Third Series},
	author = {Ardakov, Konstantin and Ben-Bassat, Oren},
	year = {2018},
	keywords = {14F10, 14G22, 32C38},
	pages = {881--900},
}

@misc{jiang_derived_2023,
	title = {The {Derived} {Ring} of {Differential} {Operators}},
	url = {http://arxiv.org/abs/2303.16083},
	doi = {10.48550/arXiv.2303.16083},
	urldate = {2024-01-04},
	publisher = {arXiv},
	author = {Jiang, Andy},
	month = mar,
	year = {2023},
	note = {arXiv:2303.16083 [math]},
	keywords = {Mathematics - Algebraic Geometry},
}

@misc{soor_quasicoherent_2023,
	title = {Quasicoherent sheaves for dagger analytic geometry},
	url = {http://arxiv.org/abs/2311.03101},
	doi = {10.48550/arXiv.2311.03101},
	urldate = {2024-01-02},
	publisher = {arXiv},
	author = {Soor, Arun},
	month = nov,
	year = {2023},
	note = {arXiv:2311.03101 [math]},
	keywords = {14G22 (Primary), 14F06, 14F08 (Secondary), Mathematics - Algebraic Geometry, Mathematics - Number Theory},
}

@Article{BarwickLeftRight,
 Author = {Barwick, Clark},
 Title = {On left and right model categories and left and right {Bousfield} localizations},
 FJournal = {Homology, Homotopy and Applications},
 Journal = {Homology Homotopy Appl.},
 ISSN = {1532-0073},
 Volume = {12},
 Number = {2},
 Pages = {245--320},
 Year = {2010},
 Language = {English},
 DOI = {10.4310/HHA.2010.v12.n2.a9},
 Keywords = {18G55,55U35},
 URL = {intlpress.com/hha/v12/n2/a9/},
 zbMATH = {5817846},
 Zbl = {1243.18025}
}

@Article{Schwede_AlgebrasandModules,
 Author = {Schwede, Stefan and Shipley, Brooke E.},
 Title = {Algebras and modules in monoidal model categories},
 FJournal = {Proceedings of the London Mathematical Society. Third Series},
 Journal = {Proc. Lond. Math. Soc. (3)},
 ISSN = {0024-6115},
 Volume = {80},
 Number = {2},
 Pages = {491--511},
 Year = {2000},
 Language = {English},
 DOI = {10.1112/S002461150001220X},
 Keywords = {18D10,55U35,18G55},
 zbMATH = {1463619},
 Zbl = {1026.18004}
}

@misc{Camargo_deRham,
    AUTHOR = {Camargo, Juan Esteban Rodr\'iguez},
    TITLE = {Analytic de {R}ham stacks and derived rigid geometry},
    YEAR = {2023},
    NOTE = {Available at the author's webpage},
    PAGES = {100},
}

@article {BambozziClosedGraph,
    AUTHOR = {Bambozzi, Federico},
     TITLE = {Closed graph theorems for bornological spaces},
   JOURNAL = {Khayyam J. Math.},
  FJOURNAL = {Khayyam Journal of Mathematics},
    VOLUME = {2},
      YEAR = {2016},
    NUMBER = {1},
     PAGES = {81--111},
      ISSN = {2423-4788},
}
@phdthesis{BambozziThesis,
    AUTHOR = {Bambozzi, Federico},
     TITLE = {On a generalization of affinoid varieties},
SCHOOL = {Universit\'{a} degli Studi di Padova
Dipartimento di Matematica},
      YEAR = {2013},
    MONTH = {December},
}
@book {BerkovichSpectral,
    AUTHOR = {Berkovich, Vladimir G.},
     TITLE = {Spectral theory and analytic geometry over non-{A}rchimedean
              fields},
    SERIES = {Mathematical Surveys and Monographs},
    VOLUME = {33},
 PUBLISHER = {American Mathematical Society, Providence, RI},
      YEAR = {1990},
     PAGES = {x+169},
      ISBN = {0-8218-1534-2},
   MRCLASS = {32P05 (32C15 32C37 46S10 47S10)},
  MRNUMBER = {1070709},
MRREVIEWER = {W.\ Bartenwerfer},
       DOI = {10.1090/surv/033},
       URL = {https://doi.org/10.1090/surv/033},
}

@misc{temkin_introduction_2011,
	title = {Introduction to {Berkovich} analytic spaces},
	url = {http://arxiv.org/abs/1010.2235},
	doi = {10.48550/arXiv.1010.2235},
	urldate = {2023-11-03},
	publisher = {arXiv},
	author = {Temkin, Michael},
	month = dec,
	year = {2011},
	note = {arXiv:1010.2235 [math]},
	keywords = {Mathematics - Algebraic Geometry},
}

@UNPUBLISHED{HoyoisEfimov,
    AUTHOR = "Hoyois, Marc",
    TITLE = "K-theory of dualizable categories (after {A}. {E}fimov)",
    NOTE = "Available at \url{https://hoyois.app.uni-regensburg.de/papers/efimov.pdf}",
    PAGES = "4",
    URL = "https://hoyois.app.uni-regensburg.de/papers/efimov.pdf",
    YEAR = "2018",
}

@misc{ben-zvi_beilinson-bernstein_2019,
	title = {Beilinson-{Bernstein} localization over the {Harish}-{Chandra} center},
	url = {http://arxiv.org/abs/1209.0188},
	doi = {10.48550/arXiv.1209.0188},
	urldate = {2023-11-01},
	publisher = {arXiv},
	author = {Ben-Zvi, David and Nadler, David},
	month = nov,
	year = {2019},
	note = {arXiv:1209.0188 [math]},
	keywords = {Mathematics - Algebraic Geometry, Mathematics - Quantum Algebra, Mathematics - Representation Theory},
}

@incollection {ChiarellottoDuality,
    AUTHOR = {Chiarellotto, Bruno},
     TITLE = {Duality in rigid analysis},
 BOOKTITLE = {{$p$}-adic analysis ({T}rento, 1989)},
    SERIES = {Lecture Notes in Math.},
    VOLUME = {1454},
     PAGES = {142--172},
 PUBLISHER = {Springer, Berlin},
      YEAR = {1990},
      ISBN = {3-540-53477-6},
   MRCLASS = {32C37 (32E10 32P05)},
  MRNUMBER = {1094850},
MRREVIEWER = {Peter\ Ullrich},
       DOI = {10.1007/BFb0091137},
       URL = {https://doi.org/10.1007/BFb0091137},
}

@phdthesis{BeyerThesis,
    AUTHOR = {Beyer, Peter},
     TITLE = {Zur {S}erre-{D}ualit\"{a}t f\"{u}r koh\"{a}rente {G}arben auf
              rigid-analytischen {R}\"{a}umen},
 BOOKTITLE = {Schriftenreihe des {M}athematischen {I}nstituts der
              {U}niversit\"{a}t {M}\"{u}nster. 3. {S}erie, {H}eft 20},
    SERIES = {Schriftenreihe Math. Inst. Univ. M\"{u}nster 3. Ser.},
    VOLUME = {20},
     PAGES = {iv+64},
SCHOOL = {Univ. M\"{u}nster, Math. Inst., M\"{u}nster},
      YEAR = {1997},
   MRCLASS = {32C37 (14F10 32P05)},
  MRNUMBER = {1491421},
MRREVIEWER = {Reinhold\ H\"{u}bl},
}

@article {BeyerSerre,
    AUTHOR = {Beyer, Peter},
     TITLE = {On {S}erre-duality for coherent sheaves on rigid-analytic
              spaces},
   JOURNAL = {Manuscripta Math.},
  FJOURNAL = {Manuscripta Mathematica},
    VOLUME = {93},
      YEAR = {1997},
    NUMBER = {2},
     PAGES = {219--245},
}
@UNPUBLISHED{ScholzeSixFunctors,
    AUTHOR = "Scholze, Peter",
    TITLE = "{S}ix-{F}unctor {F}ormalisms",
    NOTE = "Available at \url{https://people.mpim-bonn.mpg.de/scholze/SixFunctors.pdf}",
    PAGES = "90",
    URL = "https://people.mpim-bonn.mpg.de/scholze/SixFunctors.pdf",
    YEAR = "2022",
}

@UNPUBLISHED{DAnG,
    AUTHOR = "Ben-Bassat, Oren and Kelly, Jack and Kremnizer, Kobi",
    TITLE = "A perspective on the foundations of derived analytic geometry",
    NOTE = "Personal communication",
    YEAR = "2023",
}

@article{ConradRelativeAmpleness,
    AUTHOR = {Conrad, Brian},
     TITLE = {Relative ampleness in rigid geometry},
   JOURNAL = {Ann. Inst. Fourier (Grenoble)},
  FJOURNAL = {Universit\'{e} de Grenoble. Annales de l'Institut Fourier},
    VOLUME = {56},
      YEAR = {2006},
    NUMBER = {4},
     PAGES = {1049--1126},
      ISSN = {0373-0956,1777-5310},
}
@misc{andreychev_pseudocoherent_2021,
	title = {Pseudocoherent and {Perfect} {Complexes} and {Vector} {Bundles} on {Analytic} {Adic} {Spaces}},
	url = {http://arxiv.org/abs/2105.12591},
	doi = {10.48550/arXiv.2105.12591},
	urldate = {2023-11-01},
	publisher = {arXiv},
	author = {Andreychev, Grigory},
	month = may,
	year = {2021},
	note = {arXiv:2105.12591 [math]},
	keywords = {Mathematics - Algebraic Geometry},
}

@article {SchneiderPointsandtopologies,
    AUTHOR = {van der Put, Marius and Schneider, Peter},
     TITLE = {Points and topologies in rigid geometry},
   JOURNAL = {Math. Ann.},
  FJOURNAL = {Mathematische Annalen},
    VOLUME = {302},
      YEAR = {1995},
    NUMBER = {1},
     PAGES = {81--103},
      ISSN = {0025-5831,1432-1807},
}
@UNPUBLISHED{CondensedComplexGeometry,
    AUTHOR = "Clausen, Dustin and Scholze, Peter",
    TITLE = "Condensed {M}athematics and {C}omplex {G}eometry",
    NOTE = "Available at \url{https://people.mpim-bonn.mpg.de/scholze/Complex.pdf}",
    PAGES = "148",
    URL = "https://people.mpim-bonn.mpg.de/scholze/Complex.pdf",
    YEAR = "2022",
}

@book{IversenSheaves,
    AUTHOR = {Iversen, Birger},
     TITLE = {Cohomology of sheaves},
    SERIES = {Lecture Notes Series},
    VOLUME = {55},
 PUBLISHER = {Aarhus Universitet, Matematisk Institut, Aarhus},
      YEAR = {1984},
     PAGES = {vi+237},
   MRCLASS = {55N30 (14F20 18F20 18G99)},
  MRNUMBER = {755516},
MRREVIEWER = {F.\ E. A. Johnson},
}

@Book{DucrosBerkovich,
 Author = {Ducros, Antoine},
 Title = {Families of {Berkovich} spaces},
 FSeries = {Ast{\'e}risque},
 Series = {Ast{\'e}risque},
 ISSN = {0303-1179},
 Volume = {400},
 ISBN = {978-2-85629-885-5},
 Year = {2018},
 Publisher = {Paris: Soci{\'e}t{\'e} Math{\'e}matique de France (SMF)},
 Language = {English},
 Keywords = {14-02,14H15,14G22,14A99,32C18},
 zbMATH = {6935846},
 Zbl = {1460.14001}
}

@Article{Lutkebohmertmaximum,
 Author = {Bosch, Siegfried and L{\"u}tkebohmert, Werner and Raynaud, Michel},
 Title = {Formal and rigid geometry. {III}: {The} relative maximum principle},
 FJournal = {Mathematische Annalen},
 Journal = {Math. Ann.},
 ISSN = {0025-5831},
 Volume = {302},
 Number = {1},
 Pages = {1--29},
 Year = {1995},
 Language = {English},
 DOI = {10.1007/BF01444485},
 Keywords = {14G20,14L05,11G25},
 zbMATH = {769467},
 Zbl = {0839.14013}
}

@Article{vanderPutetale,
 Author = {de Jong, Johan and van der Put, Marius},
 Title = {{\'E}tale cohomology of rigid analytic spaces},
 FJournal = {Documenta Mathematica},
 Journal = {Doc. Math.},
 ISSN = {1431-0635},
 Volume = {1},
 Pages = {1--56},
 Year = {1996},
 Language = {English},
 Keywords = {14G20,14F20,26E30},
 zbMATH = {897856},
 Zbl = {0922.14012}
}

@Article{SchneiderPoints,
 Author = {Schneider, Peter},
 Title = {Points of rigid analytic varieties},
 FJournal = {Journal f{\"u}r die Reine und Angewandte Mathematik},
 Journal = {J. Reine Angew. Math.},
 ISSN = {0075-4102},
 Volume = {434},
 Pages = {127--157},
 Year = {1993},
 Language = {English},
 DOI = {10.1515/crll.1993.434.127},
 Keywords = {14G20},
 zbMATH = {85900},
 Zbl = {0774.14021}
}

@article {BambozziDaggerBanach,
    AUTHOR = {Bambozzi, Federico and Ben-Bassat, Oren},
     TITLE = {Dagger geometry as {B}anach algebraic geometry},
   JOURNAL = {J. Number Theory},
  FJOURNAL = {Journal of Number Theory},
    VOLUME = {162},
      YEAR = {2016},
     PAGES = {391--462},
      ISSN = {0022-314X,1096-1658},
   MRCLASS = {18D10 (14A20 18E30)},
  MRNUMBER = {3448274},
MRREVIEWER = {Marco\ A.\ Garuti},
       DOI = {10.1016/j.jnt.2015.10.023},
       URL = {https://doi.org/10.1016/j.jnt.2015.10.023},
}

@unpublished{SpectralAlgebraicGeometry,
    author = {Jacob Lurie},
    title = {Spectral Algebraic Geometry},
    note = {Available at the author's webpage \url{https://www.math.ias.edu/~lurie/}},
year= {2018},
}

@book {BGR,
    AUTHOR = {Bosch, Siegfried and G\"{u}ntzer, Ulrich and Remmert, Reinhold},
     TITLE = {Non-{A}rchimedean analysis},
    SERIES = {Grundlehren der mathematischen Wissenschaften [Fundamental
              Principles of Mathematical Sciences]},
    VOLUME = {261},
      NOTE = {A systematic approach to rigid analytic geometry},
 PUBLISHER = {Springer-Verlag, Berlin},
      YEAR = {1984},
     PAGES = {xii+436},
      ISBN = {3-540-12546-9},
   MRCLASS = {32K10 (30G05 46P05)},
  MRNUMBER = {746961},
MRREVIEWER = {W.\ Bartenwerfer},
       DOI = {10.1007/978-3-642-52229-1},
       URL = {https://doi.org/10.1007/978-3-642-52229-1},
}

@book {HuberEtale,
    AUTHOR = {Huber, Roland},
     TITLE = {\'{E}tale cohomology of rigid analytic varieties and adic
              spaces},
    SERIES = {Aspects of Mathematics},
    VOLUME = {E30},
 PUBLISHER = {Friedr. Vieweg \& Sohn, Braunschweig},
      YEAR = {1996},
     PAGES = {x+450},
      ISBN = {3-528-06794-2},
   MRCLASS = {14G22 (14F20)},
  MRNUMBER = {1734903},
MRREVIEWER = {Lorenzo\ Ramero},
       DOI = {10.1007/978-3-663-09991-8},
       URL = {https://doi.org/10.1007/978-3-663-09991-8},
}

@article {vanderPutSerre,
    AUTHOR = {van der Put, Marius},
     TITLE = {Serre duality for rigid analytic spaces},
   JOURNAL = {Indag. Math. (N.S.)},
  FJOURNAL = {Koninklijke Nederlandse Akademie van Wetenschappen.
              Indagationes Mathematicae. New Series},
    VOLUME = {3},
      YEAR = {1992},
    NUMBER = {2},
     PAGES = {219--235},
}
@article{schwede_equivalences_2003,
	title = {Equivalences of monoidal model categories},
	volume = {3},
	issn = {1472-2747},
	doi = {10.2140/agt.2003.3.287},
	language = {English},
	journal = {Algebraic \& Geometric Topology},
	author = {Schwede, Stefan and Shipley, Brooke},
	year = {2003},
	keywords = {18D10, 55P43, 55P62, 55U35},
	pages = {287--334},
}

@article{peroux_coalgebras_2022,
	title = {Coalgebras in the {Dwyer}-{Kan} localization of a model category},
	volume = {150},
	issn = {0002-9939},
	doi = {10.1090/proc/15949},
	language = {English},
	number = {10},
	journal = {Proceedings of the American Mathematical Society},
	author = {Péroux, Maximilien},
	year = {2022},
	keywords = {16T15, 18N40, 18N70, 55P42, 55P43},
	pages = {4173--4190},
}

@book{gaitsgory_study_2017,
	series = {Math. {Surv}. {Monogr}.},
	title = {A study in derived algebraic geometry. {Volume} {II}: {Deformations}, {Lie} theory and formal geometry},
	volume = {221},
	isbn = {978-1-4704-3570-7 978-1-4704-3568-4 978-1-4704-4087-9},
	language = {English},
	publisher = {Providence, RI: American Mathematical Society (AMS)},
	author = {Gaitsgory, Dennis and Rozenblyum, Nick},
	year = {2017},
	note = {ISSN: 0076-5376},
	keywords = {14-02, 14A20, 14F05, 14F10, 18D05, 18G55},
}

@article {BekeSheafifiable,
    AUTHOR = {Beke, Tibor},
     TITLE = {Sheafifiable homotopy model categories},
   JOURNAL = {Math. Proc. Cambridge Philos. Soc.},
  FJOURNAL = {Mathematical Proceedings of the Cambridge Philosophical
              Society},
    VOLUME = {129},
      YEAR = {2000},
    NUMBER = {3},
     PAGES = {447--475},
      ISSN = {0305-0041,1469-8064},
   MRCLASS = {18D15 (03C95 18F20 18G55)},
  MRNUMBER = {1780498},
MRREVIEWER = {Masahiko\ Niwa},
       DOI = {10.1017/S0305004100004722},
       URL = {https://doi.org/10.1017/S0305004100004722},
}

@article{kiehl_endlichkeitssatz_1967,
	title = {Der {Endlichkeitssatz} für eigentliche {Abbildungen} in der nichtarchimedischen {Funktionentheorie}},
	volume = {2},
	issn = {0020-9910},
	doi = {10.1007/BF01425513},
	language = {German},
	journal = {Inventiones Mathematicae},
	author = {Kiehl, Reinhardt},
	year = {1967},
	pages = {191--214},
}

@misc{mann_p-adic_2022,
	title = {A $p$-{adic} 6-{functor} {formalism} in {rigid}-{analytic} {geometry}},
	url = {http://arxiv.org/abs/2206.02022},
	doi = {10.48550/arXiv.2206.02022},
	urldate = {2023-08-09},
	publisher = {arXiv},
	author = {Mann, Lucas},
	month = jun,
	year = {2022},
	note = {arXiv:2206.02022 [math]},
	keywords = {14G22 (Primary) 11G25 (Secondary), Mathematics - Algebraic Geometry, Mathematics - Number Theory},
}

@article {TopologicalCyclicHomology,
    AUTHOR = {Nikolaus, Thomas and Scholze, Peter},
     TITLE = {On topological cyclic homology},
   JOURNAL = {Acta Math.},
  FJOURNAL = {Acta Mathematica},
    VOLUME = {221},
      YEAR = {2018},
    NUMBER = {2},
     PAGES = {203--409},
      ISSN = {0001-5962,1871-2509},
   MRCLASS = {55U35 (16E40 18E30 19D99)},
  MRNUMBER = {3904731},
MRREVIEWER = {Geoffrey\ M. L. Powell},
       DOI = {10.4310/ACTA.2018.v221.n2.a1},
       URL = {https://doi.org/10.4310/ACTA.2018.v221.n2.a1},
}

@article{buhler_exact_2010,
	title = {Exact categories},
	volume = {28},
	issn = {0723-0869},
	doi = {10.1016/j.exmath.2009.04.004},
	language = {English},
	number = {1},
	journal = {Expositiones Mathematicae},
	author = {Bühler, Theo},
	year = {2010},
	keywords = {18-02, 18E10, 18E30},
	pages = {1--69},
}

@book {FresnelVanDerPut,
    AUTHOR = {Fresnel, Jean and van der Put, Marius},
     TITLE = {Rigid analytic geometry and its applications},
    SERIES = {Progress in Mathematics},
    VOLUME = {218},
 PUBLISHER = {Birkh\"{a}user Boston, Inc., Boston, MA},
      YEAR = {2004},
     PAGES = {xii+296},
      ISBN = {0-8176-4206-4},
   MRCLASS = {14G22 (30G06 30H05 32P05)},
  MRNUMBER = {2014891},
MRREVIEWER = {Lorenzo\ Ramero},
       DOI = {10.1007/978-1-4612-0041-3},
       URL = {https://doi.org/10.1007/978-1-4612-0041-3},
}

@book{toen_homotopical_2008,
	series = {Mem. {Am}. {Math}. {Soc}.},
	title = {Homotopical algebraic geometry. {II}: {Geometric} stacks and applications},
	volume = {902},
	isbn = {978-0-8218-4099-3 978-1-4704-0508-3},
	language = {English},
	publisher = {Providence, RI: American Mathematical Society (AMS)},
	author = {Toën, Bertrand and Vezzosi, Gabriele},
	year = {2008},
	doi = {10.1090/memo/0902},
	note = {ISSN: 0065-9266},
	keywords = {14-02, 14F20, 18-02, 18F20, 55P43, 55U35},
}

@incollection{toen_higher_2009,
	title = {Higher and derived stacks: a global overview},
	isbn = {978-0-8218-4702-2 978-0-8218-4057-3},
	language = {English},
	booktitle = {Algebraic geometry, {Seattle} 2005. {Proceedings} of the 2005 {Summer} {Research} {Institute}, {Seattle}, {WA}, {USA}, {July} 25–{August} 12, 2005},
	publisher = {Providence, RI: American Mathematical Society (AMS)},
	author = {To{\"{e}}n, Bertrand},
	year = {2009},
	keywords = {14-02, 14A20, 14D23, 14F20, 18D05, 18E30},
	pages = {435--487},
}

@article{kelly_homotopy_2021,
    AUTHOR = {Kelly, Jack},
     TITLE = {Homotopy in exact categories},
   JOURNAL = {Mem. Amer. Math. Soc.},
  FJOURNAL = {Memoirs of the American Mathematical Society},
    VOLUME = {298},
      YEAR = {2024},
    NUMBER = {1490},
     PAGES = {v+160},
      ISSN = {0065-9266,1947-6221},
   MRCLASS = {18G35 (18G80 18M05 18N40 18N70)},
  MRNUMBER = {4756824},
       DOI = {10.1090/memo/1490},
       URL = {https://doi.org/10.1090/memo/1490},
}

@book{quillen_homotopical_1967,
	series = {Lect. {Notes} {Math}.},
	title = {Homotopical algebra},
	volume = {43},
	language = {English},
	publisher = {Springer, Cham},
	author = {Quillen, D. G.},
	year = {1967},
	doi = {10.1007/BFb0097438},
	note = {ISSN: 0075-8434},
}

@book{cisinski_higher_2019,
	series = {Camb. {Stud}. {Adv}. {Math}.},
	title = {Higher categories and homotopical algebra},
	volume = {180},
	isbn = {978-1-108-47320-0 978-1-108-58873-7},
	language = {English},
	publisher = {Cambridge: Cambridge University Press},
	author = {Cisinski, Denis-Charles},
	year = {2019},
	doi = {10.1017/9781108588737},
	keywords = {18-02, 18M05, 18M15, 18N40, 18N60, 18N65},
}
@article {HinichDwyerKan,
    AUTHOR = {Hinich, Vladimir},
     TITLE = {Dwyer-{K}an localization revisited},
   JOURNAL = {Homology Homotopy Appl.},
  FJOURNAL = {Homology, Homotopy and Applications},
    VOLUME = {18},
      YEAR = {2016},
    NUMBER = {1},
     PAGES = {27--48},
      ISSN = {1532-0073,1532-0081},
   MRCLASS = {55U35 (18D20)},
  MRNUMBER = {3460765},
MRREVIEWER = {Philippe\ Gaucher},
       DOI = {10.4310/HHA.2016.v18.n1.a3},
       URL = {https://doi.org/10.4310/HHA.2016.v18.n1.a3},
}

@book {HigherToposTheory,
    AUTHOR = {Lurie, Jacob},
     TITLE = {Higher topos theory},
    SERIES = {Annals of Mathematics Studies},
    VOLUME = {170},
 PUBLISHER = {Princeton University Press, Princeton, NJ},
      YEAR = {2009},
     PAGES = {xviii+925},
      ISBN = {978-0-691-14049-0; 0-691-14049-9},
   MRCLASS = {18-02 (18B25 18E35 18G30 18G55 55U40)},
  MRNUMBER = {2522659},
MRREVIEWER = {Mark\ Hovey},
       DOI = {10.1515/9781400830558},
       URL = {https://doi.org/10.1515/9781400830558},
}

@article {BuhlerBounded,
    AUTHOR = {B{\"{u}}hler, Theo},
     TITLE = {On the algebraic foundations of bounded cohomology},
   JOURNAL = {Mem. Amer. Math. Soc.},
  FJOURNAL = {Memoirs of the American Mathematical Society},
    VOLUME = {214},
      YEAR = {2011},
    NUMBER = {1006},
     PAGES = {xxii+97},
      ISSN = {0065-9266,1947-6221},
      ISBN = {978-0-8218-5311-5},
   MRCLASS = {46M18 (18E30)},
  MRNUMBER = {2867320},
       DOI = {10.1090/S0065-9266-2011-00618-0},
       URL = {https://doi.org/10.1090/S0065-9266-2011-00618-0},
}

@UNPUBLISHED{CondensedMathematics,
    AUTHOR = "Clausen, Dustin and Scholze, Peter",
    TITLE = "Condensed {M}athematics",
    NOTE = "Available at \url{https://www.math.uni-bonn.de/people/scholze/Condensed.pdf}",
    PAGES = "77",
    URL = "https://www.math.uni-bonn.de/people/scholze/Condensed.pdf",
    YEAR = "2019",
}


@UNPUBLISHED{HigherAlgebra,
    AUTHOR = "Lurie, Jacob",
    TITLE = "Higher {A}lgebra",
    NOTE = "Available at \url{https://www.math.ias.edu/~lurie/papers/HA.pdf}",
    PAGES = "1553",
    URL = "https://www.math.ias.edu/~lurie/papers/HA.pdf",
    YEAR = "2017",
}

@article {BBKNonArch,
    AUTHOR = {Ben-Bassat, Oren and Kremnizer, Kobi},
     TITLE = {Non-archimedean analytic geometry as relative algebraic
              geometry},
   JOURNAL = {Ann. Fac. Sci. Toulouse Math. (6)},
  FJOURNAL = {Annales de la Facult\'{e} des Sciences de Toulouse.
              Math\'{e}matiques. S\'{e}rie 6},
    VOLUME = {26},
      YEAR = {2017},
    NUMBER = {1},
}
@misc{kerodon,
    title        = {Kerodon},
    author       = {Jacob Lurie},
    howpublished = {\url{https://kerodon.net}},
    year         = {2018},
  }

@inproceedings{ProsmansQuasiAbelienne,
author = {Prosmans, Fabienne},
title = {Algèbre homologique quasi-abélienne}, 
address = {Mémoire de DEA, Université Paris 13, Villetaneuse (France)}, 
year = {June 1995},
note = {Available at \url{http://www.anmath.ulg.ac.be/fp/rec/dea.pdf}},
}
@book {KashiwaraSchapiraCategories,
    AUTHOR = {Kashiwara, Masaki and Schapira, Pierre},
     TITLE = {Categories and sheaves},
    SERIES = {Grundlehren der mathematischen Wissenschaften [Fundamental
              Principles of Mathematical Sciences]},
    VOLUME = {332},
 PUBLISHER = {Springer-Verlag, Berlin},
      YEAR = {2006},
     PAGES = {x+497},
      ISBN = {978-3-540-27949-5; 3-540-27949-0},
   MRCLASS = {18-02 (14F05 18F20)},
  MRNUMBER = {2182076},
MRREVIEWER = {Corrado Marastoni},
       DOI = {10.1007/3-540-27950-4},
       URL = {https://doi.org/10.1007/3-540-27950-4},
}

@book{kriegl_convenient_1997,
	series = {Math. {Surv}. {Monogr}.},
	title = {The convenient setting of global analysis},
	volume = {53},
	isbn = {0-8218-0780-3},
	url = {www.ams.org/online_bks/surv53/},
	language = {English},
	publisher = {Providence, RI: American Mathematical Society},
	author = {Kriegl, Andreas and Michor, Peter W.},
	year = {1997},
	note = {ISSN: 0076-5376},
	keywords = {46A03, 58-02, 58B10, 58C25, 58D15},
}

@book {SeminaireBanach,
    editor = {Houzel, C.},
     TITLE = {S\'{e}minaire {B}anach},
    SERIES = {Lecture Notes in Mathematics, Vol. 277},
      NOTE = {Given at \'{E}cole Normale Sup\'{e}rieure from 1962-1963},
 PUBLISHER = {Springer-Verlag, Berlin-New York},
      YEAR = {1972},
     PAGES = {vii+299},
   MRCLASS = {46AXX},
  MRNUMBER = {0372566},
}
 
 @inproceedings{ProsmansHomological,
 author = {Prosmans, Fabienne and Schneiders, Jean-Pierre},
 title = {A homological study of bornological spaces},  address = {Laboratoire analyse,
géométrie et applications, Unité mixte de recherche, Institut Galilee, Université Paris, CNRS},
year = {2000},
}
@article{kiehl_einfacher_1971,
	title = {Ein einfacher {Beweis} des {Kohärenzsatzes} von {Grauert}},
	volume = {195},
	issn = {0025-5831},
	url = {https://doi.org/10.1007/BF02059414},
	doi = {10.1007/BF02059414},
	journal = {Mathematische Annalen},
	author = {Kiehl, Reinhardt and Verdier, Jean-Louis},
	year = {1971},
	mrnumber = {306555},
	pages = {24--50},
}

@article{GrosseKlonneRigid,
 Author = {Grosse-Kl{\"o}nne, Elmar},
 Title = {Rigid analytic spaces with overconvergent structure sheaf},
 FJournal = {Journal f{\"u}r die Reine und Angewandte Mathematik},
 Journal = {J. Reine Angew. Math.},
 ISSN = {0075-4102},
 Volume = {519},
 Pages = {73--95},
 Year = {2000},
 Language = {English},
 DOI = {10.1515/crll.2000.018},
 Keywords = {14G22,32P05,32C36},
 zbMATH = {1414388},
 Zbl = {0945.14013}
}

@article {KisinLocal99,
    AUTHOR = {Kisin, Mark},
     TITLE = {Local constancy in {$p$}-adic families of {G}alois
              representations},
   JOURNAL = {Math. Z.},
  FJOURNAL = {Mathematische Zeitschrift},
    VOLUME = {230},
      YEAR = {1999},
    NUMBER = {3},
     PAGES = {569--593},
      ISSN = {0025-5874},
   MRCLASS = {14G22 (14F20)},
  MRNUMBER = {1680032},
MRREVIEWER = {Frank Herrlich},
       DOI = {10.1007/PL00004706},
       URL = {https://doi.org/10.1007/PL00004706},
}


@incollection{Grothendieck_Crystals_68,
title = {Crystals and the de {R}ham cohomology of schemes}, 
booktitle = {Dix Expos\'es sur la Cohomologie des Sch\'emas}, 
address = {North-Holland, Amsterdam},
year = {1968}, 
pages = {306–358},
author = {Grothendieck, Alexander}
}

@misc{Ginzburg98,
  author        = {Victor Ginzburg},
  title         = {Lectures on $\mathcal{D}$-modules},
  month         = {Winter},
  year          = {1998},
  publisher={University of Chicago},
  note = {Available at \url{https://people.math.harvard.edu/~gaitsgde/grad_2009/Ginzburg.pdf}},
}

@article {MR3264953,
    AUTHOR = {Gaitsgory, Dennis and Rozenblyum, Nick},
     TITLE = {Crystals and $\mathcal{D}$-modules},
   JOURNAL = {Pure Appl. Math. Q.},
  FJOURNAL = {Pure and Applied Mathematics Quarterly},
    VOLUME = {10},
      YEAR = {2014},
    NUMBER = {1},
     PAGES = {57--154},
      ISSN = {1558-8599},
   MRCLASS = {14A20 (14F05 14F10)},
  MRNUMBER = {3264953},
MRREVIEWER = {Andrei D. Halanay},
       DOI = {10.4310/PAMQ.2014.v10.n1.a2},
       URL = {https://doi.org/10.4310/PAMQ.2014.v10.n1.a2},
}

@UNPUBLISHED{BVGD,
    AUTHOR = "Be\u{\i}linson, Alexander and Drinfeld, Vladimir",
    TITLE = "{Q}uantization of {H}itchin's integrable system and {H}ecke eigensheaves",
    NOTE = "{P}reprint available at \url{https://math.uchicago.edu/~drinfeld/langlands/QuantizationHitchin.pdf}",
    PAGES = "384",
    URL = "https://www.math.uchicago.edu/\textasciitilde mitya/langlands/hitchin/BD-hitchin.pdf"
}

@article{emerton_local-global_2006,
	title = {Local-global compatibility in the $p$-adic {Langlands} programme for $\mathrm{GL}_{2/\mathbb{Q}_p}$},
	volume = {2},
	doi = {10.4310/PAMQ.2006.v2.n2.a1},
	journal = {Pure and Applied Mathematics Quarterly},
	author = {Emerton, Matthew},
	month = jan,
	year = {2006},
}

@article{schneiders_quasi-abelian_1999,
	title = {Quasi-abelian categories and sheaves},
	volume = {76},
	issn = {0249-633X},
	url = {https://eudml.org/doc/94927},
	language = {eng},
	urldate = {2022-12-21},
	journal = {Mémoires de la Société Mathématique de France},
	author = {Schneiders, Jean-Pierre},
	year = {1999},
	note = {Publisher: Société mathématique de France},
	pages = {III1--VI140},
}

@misc{camargo_geometric_2022,
	title = {Geometric {Sen} theory over rigid analytic spaces},
	url = {http://arxiv.org/abs/2205.02016},
	doi = {10.48550/arXiv.2205.02016},
	abstract = {In this work we develop geometric Sen theory for rigid analytic spaces, generalizing the previous work of Pan for curves. We also extend the axiomatic Sen-Tate formalism of Berger-Colmez to a certain class of locally analytic representations.},
	urldate = {2022-12-21},
	publisher = {arXiv},
	author = {Camargo, J. E. Rodríguez},
	month = aug,
	year = {2022},
	note = {arXiv:2205.02016 [math]},
	keywords = {Mathematics - Number Theory},
}

@inproceedings{beilinson_alexander_localization_1983,
	address = {Warsaw},
	title = {Localization of representations of reductive {Lie} algebras},
	booktitle = {Proceedings of the {International} {Congress} of {Mathematicians}},
	publisher = {PWN},
	author = {Beilinson, Alexander},
	year = {1983},
	pages = {699--710},
}

@incollection {MR2905536,
    AUTHOR = {Calegari, Frank and Emerton, Matthew},
     TITLE = {Completed cohomology---a survey},
 BOOKTITLE = {Non-abelian fundamental groups and {I}wasawa theory},
    SERIES = {London Math. Soc. Lecture Note Ser.},
    VOLUME = {393},
     PAGES = {239--257},
 PUBLISHER = {Cambridge Univ. Press, Cambridge},
      YEAR = {2012},
   MRCLASS = {11F85 (11F70 11F75)},
  MRNUMBER = {2905536},
MRREVIEWER = {Neven Grbac},
}

@article{scholze_torsion_2015,
	title = {On torsion in the cohomology of locally symmetric varieties},
	volume = {182},
	issn = {0003486X},
	url = {http://www.jstor.org/stable/24523012},
	number = {3},
	urldate = {2022-05-30},
	journal = {Annals of Mathematics},
	author = {Scholze, Peter},
	year = {2015},
	note = {Publisher: Annals of Mathematics},
	pages = {945--1066},
}

@article{emerton_interpolation_2006,
	title = {On the interpolation of systems of eigenvalues attached to automorphic {Hecke} eigenforms},
	volume = {164},
	issn = {1432-1297},
	url = {https://doi.org/10.1007/s00222-005-0448-x},
	doi = {10.1007/s00222-005-0448-x},
	number = {1},
	journal = {Inventiones mathematicae},
	author = {Emerton, Matthew},
	month = apr,
	year = {2006},
	pages = {1--84},
}

@article{pan_locally_2022-1,
	title = {On locally analytic vectors of the completed cohomology of modular curves},
	volume = {10},
	doi = {10.1017/fmp.2022.1},
	journal = {Forum of Mathematics, Pi},
	author = {Pan, Lue},
	year = {2022},
	note = {Publisher: Cambridge University Press},
	pages = {e7},
}

@book{hotta_d-modules_2008,
	edition = {Expanded edition},
	series = {Prog. {Math}.},
	title = {{$\mathcal{D}$}-modules, perverse sheaves, and representation theory. {Translated} from the {Japanese} by {Kiyoshi} {Takeuchi}},
	volume = {236},
	isbn = {978-0-8176-4363-8},
	language = {English},
	publisher = {Basel: Birkhäuser},
	author = {Hotta, Ryoshi and Takeuchi, Kiyoshi and Tanisaki, Toshiyuki},
	year = {2008},
	note = {ISSN: 0743-1643},
	keywords = {14-02, 14F10, 14F40, 17B10, 22E46, 32-02, 32C38, 35A27},
}

@article{grothendieck_elements_1967,
	title = {Éléments de géométrie algébrique. {IV}. Étude locale des schémas et des morphismes de schémas {IV}},
	issn = {0073-8301},
	url = {http://www.numdam.org/item?id=PMIHES_1967__32__361_0},
	number = {32},
	journal = {Institut des Hautes Études Scientifiques. Publications Mathématiques},
	author = {Grothendieck, A.},
	year = {1967},
	mrnumber = {238860},
	pages = {361},
}

@book{brzezinski_corings_2003,
	series = {Lond. {Math}. {Soc}. {Lect}. {Note} {Ser}.},
	title = {Corings and comodules.},
	volume = {309},
	isbn = {0-521-53931-5},
	language = {English},
	publisher = {Cambridge: Cambridge University Press},
	author = {Brzeziński, Tomasz and Wisbauer, Robert},
	year = {2003},
	note = {ISSN: 0076-0552},
	keywords = {16-02, 16D90, 16W30},
}

@article{moerdijk_universal_2010,
	title = {On the universal enveloping algebra of a {Lie} algebroid},
	volume = {138},
	issn = {0002-9939, 1088-6826},
	url = {https://www.ams.org/proc/2010-138-09/S0002-9939-10-10347-5/},
	doi = {10.1090/S0002-9939-10-10347-5},
	abstract = {Advancing research. Creating connections.},
	language = {en},
	number = {9},
	urldate = {2022-10-19},
	journal = {Proceedings of the American Mathematical Society},
	author = {Moerdijk, I. and Mrčun, J.},
	month = sep,
	year = {2010},
	pages = {3135--3145},
}

@article {Equivariant ,
    AUTHOR = {Ardakov, Konstantin},
     TITLE = {Equivariant {$\wideparen{\mathcal D}$}-modules on rigid analytic spaces},
   JOURNAL = {Ast\'{e}risque},
  FJOURNAL = {Ast\'{e}risque},
    NUMBER = {423},
      YEAR = {2021},
     PAGES = {161},
      ISSN = {0303-1179},
      ISBN = {978-2-85629-936-4},
   MRCLASS = {14F10 (14G22 32C38)},
  MRNUMBER = {4234536},
       DOI = {10.24033/ast},
       URL = {https://doi.org/10.24033/ast},
}

@misc{bode_six_2021,
	title = {Six operations for {$\wideparen{\mathcal D}$}-modules on rigid analytic spaces},
	url = {http://arxiv.org/abs/2110.09398},
	doi = {10.48550/arXiv.2110.09398},
	abstract = {We introduce all six operations for D-cap-modules on smooth rigid analytic spaces by considering the derived category of complete bornological D-cap-modules. We then focus on a full subcategory which should be thought of as consisting of complexes with coadmissible cohomology, and establish analogues of some classical results: Kashiwara's equivalence, stability of coadmissibility under extraordinary inverse image for smooth morphisms and direct image for projective morphisms, as well as the computation of relative de Rham cohomology.},
	urldate = {2022-08-01},
	author = {Bode, Andreas},
	month = nov,
	year = {2021},
	note = {arXiv:2110.09398 [math]},
	keywords = {14G22, 14F10, Mathematics - Algebraic Geometry, Mathematics - Number Theory},
}

@article {Dcap1,
    AUTHOR = {Ardakov, Konstantin and Wadsley, Simon },
     TITLE = {{$\wideparen{\mathcal{D}}$}-modules on rigid analytic spaces
              {I}},
   JOURNAL = {J. Reine Angew. Math.},
  FJOURNAL = {Journal f\"{u}r die Reine und Angewandte Mathematik. [Crelle's
              Journal]},
    VOLUME = {747},
      YEAR = {2019},
     PAGES = {221--275},
      ISSN = {0075-4102},
   MRCLASS = {14F10 (14G22)},
  MRNUMBER = {3905134},
MRREVIEWER = {Daxin Xu},
       DOI = {10.1515/crelle-2016-0016},
       URL = {https://doi.org/10.1515/crelle-2016-0016},
}

@article {Dcap2,
    AUTHOR = {Ardakov, Konstantin and Wadsley, Simon},
     TITLE = {{$\wideparen{\mathcal{D}}$}-modules on rigid analytic spaces
              {II}: {K}ashiwara's equivalence},
   JOURNAL = {J. Algebraic Geom.},
  FJOURNAL = {Journal of Algebraic Geometry},
    VOLUME = {27},
      YEAR = {2018},
    NUMBER = {4},
     PAGES = {647--701},
      ISSN = {1056-3911},
   MRCLASS = {14G22 (14F10)},
  MRNUMBER = {3846550},
MRREVIEWER = {Hoil Kim},
       DOI = {10.1090/jag/709},
       URL = {https://doi.org/10.1090/jag/709},
}

@article {Dcap3,
    AUTHOR = {Ardakov, Konstantin and Bode, Andreas and Wadsley, Simon},
     TITLE = {{$\wideparen{\mathcal{D}}$}-modules on rigid analytic spaces {III}:
              weak holonomicity and operations},
   JOURNAL = {Compos. Math.},
  FJOURNAL = {Compositio Mathematica},
    VOLUME = {157},
      YEAR = {2021},
    NUMBER = {12},
     PAGES = {2553--2584},
      ISSN = {0010-437X},
   MRCLASS = {14F10 (14G22 32C38)},
  MRNUMBER = {4332493},
       DOI = {10.1112/s0010437x21007521},
       URL = {https://doi.org/10.1112/s0010437x21007521},
}

@article{schneider_locally_2002,
	title = {Locally analytic distributions and $p$-adic representation theory, with applications to $\mathrm{GL}_2$},
	volume = {15},
	issn = {0894-0347, 1088-6834},
	url = {https://www.ams.org/jams/2002-15-02/S0894-0347-01-00377-0/},
	doi = {10.1090/S0894-0347-01-00377-0},
	abstract = {In this paper we study continuous representations of locally L-analytic groups G in locally convex K-vector spaces, where L is a finite extension of Qp and K is a spherically complete nonarchimedean extension field of L. The class of such representations includes both the smooth representations of Langlands theory and the finite dimensional algebraic representations of G, along with interesting new objects such as the action of G on global sections of equivariant vector bundles on p-adic symmetric spaces. We introduce a restricted category of such representations that we call “strongly admissible” and we show that, when G is compact, our category is anti-equivalent to a subcategory of the category of modules over the locally analytic distribution algebra of G. As an application we prove the topological irreducibility of generic members of the p-adic principal series for G⁢L2⁡(Qp). Our hope is that our definition of strongly admissible representation may be used as a foundation for a general theory of continuous K-valued representations of locally L-analytic groups.},
	language = {en},
	number = {2},
	urldate = {2022-06-01},
	journal = {Journal of the American Mathematical Society},
	author = {Schneider, Peter and Teitelbaum, Jeremy},
	year = {2002},
	pages = {443--468},
}

@article{schneider_algebras_2003,
	title = {Algebras of $p$-adic distributions and admissible representations},
	volume = {153},
	issn = {1432-1297},
	url = {https://doi.org/10.1007/s00222-002-0284-1},
	doi = {10.1007/s00222-002-0284-1},
	language = {en},
	number = {1},
	urldate = {2022-09-18},
	journal = {Inventiones mathematicae},
	author = {Schneider, Peter and Teitelbaum, Jeremy},
	month = jul,
	year = {2003},
	keywords = {Admissible Representation},
	pages = {145--196},
}

@book{schneider_p-adic_2011,
	address = {Berlin},
	series = {Grundlehren der mathematischen {Wissenschaften} ; 344},
	title = {$p$-adic {Lie} groups},
	isbn = {978-3-642-21146-1},
	language = {eng},
	publisher = {Springer},
	author = {Schneider, Peter},
	year = {2011},
	lccn = {2011930424},
	keywords = {Lie algebras, Lie groups, p-adic analysis, p-adic groups},
}

@book{schneider_nonarchimedean_2002,
	address = {Berlin, Heidelberg},
	series = {Springer {Monographs} in {Mathematics}},
	title = {Nonarchimedean {Functional} {Analysis}},
	isbn = {978-3-642-07640-4 978-3-662-04728-6},
	url = {http://link.springer.com/10.1007/978-3-662-04728-6},
	urldate = {2022-09-18},
	publisher = {Springer},
	author = {Schneider, Peter},
	year = {2002},
	doi = {10.1007/978-3-662-04728-6},
	keywords = {bounded mean oscillation, calculus, functional analysis, locally convex vector space, nonarchimedean, number theory, p-adic},
}

@book{bourbaki_topological_1987,
	address = {Berlin, Heidelberg},
	title = {Topological {Vector} {Spaces}},
	isbn = {978-3-540-42338-6 978-3-642-61715-7},
	url = {http://link.springer.com/10.1007/978-3-642-61715-7},
	language = {en},
	urldate = {2022-10-03},
	publisher = {Springer},
	author = {Bourbaki, Nicolas},
	year = {1987},
	doi = {10.1007/978-3-642-61715-7},
	keywords = {Functional analysis, YellowSale2006, approximation, functional analysis, operators, topological vector space, topology},
}

@book{houzel_seminaire_1972,
	address = {Berlin, Heidelberg},
	series = {Lecture {Notes} in {Mathematics}},
	title = {Séminaire {Banach}},
	volume = {277},
	isbn = {978-3-540-05934-9 978-3-540-37613-2},
	url = {http://link.springer.com/10.1007/BFb0058876},
	urldate = {2022-10-10},
	publisher = {Springer},
	editor = {Houzel, C.},
	year = {1972},
	doi = {10.1007/BFb0058876},
	keywords = {Banachscher Raum, Kategorie (Math.)},
}

@article{bambozzi_stein_2018,
	title = {Stein domains in {Banach} algebraic geometry},
	volume = {274},
	issn = {0022-1236},
	url = {https://www.sciencedirect.com/science/article/pii/S0022123618300168},
	doi = {10.1016/j.jfa.2018.01.003},
	abstract = {In this article we give a homological characterization of the topology of Stein spaces over any valued base field. In particular, when working over the field of complex numbers, we obtain a characterization of the usual Euclidean (transcendental) topology of complex analytic spaces. For non-Archimedean base fields the topology we characterize coincides with the topology of the Berkovich analytic space associated to a non-Archimedean Stein algebra. Because the characterization we used is borrowed from a definition in derived geometry, this work should be read as a derived perspective on analytic geometry.},
	language = {en},
	number = {7},
	urldate = {2022-10-10},
	journal = {Journal of Functional Analysis},
	author = {Bambozzi, Federico and Ben-Bassat, Oren and Kremnizer, Kobi},
	month = apr,
	year = {2018},
	keywords = {Berkovich space, Bornological space, Nuclear space, Stein space},
	pages = {1865--1927},
}

@book{lacroix_einige_1999,
	title = {Einige {Resultate} über die topologischen {Darstellung} $p$-adischer {Liegruppen} auf unendlich dimensionalen {Vektorräumen} über einem $p$-adischen {Körper}},
	language = {de},
	publisher = {Mathematisches Institut der Universität Münster},
	author = {Lacroix, Christian Tobias Féaux de},
	year = {1999},
}

@book{ravenel_complex_1986,
	series = {Pure and {Applied} {Mathematics}},
	title = {Complex cobordism and stable homotopy groups of spheres},
	volume = {121},
	isbn = {0-12-583430-6 0-12-583431-4},
	publisher = {Academic Press, Inc., Orlando, FL},
	author = {Ravenel, Douglas C.},
	year = {1986},
	mrnumber = {860042},
}